@ARTICLE{MariadassouMathias12,
  author = {Mariadassou, Mahendra and Matias, Catherine},
  title = {Convergence of the groups posterior distribution in latent or
    stochastic block models},
  journal = {hal-00713120},
  year={2012}
}
@article{GMPR18,
  title = {GMPR: A robust normalization method for zero-inflated count data with application to microbiome sequencing data},
  author = {Chen, Li and Reeve, James and Zhang, Lujun and Huang, Shengbing and Wang, Xuefeng and Chen, Jun},
  year = 2018,
  month = apr,
  keywords = {Normalization, Metagenomics, Microbiome, Statistics, Zero-inflation, RNA-seq},
  volume = 6,
  pages = {e4600},
  journal = {PeerJ},
  issn = {2167-8359},
  url = {https://doi.org/10.7717/peerj.4600},
  doi = {10.7717/peerj.4600}
}
@Article{Kumar2018,
  author="Kumar, M. Senthil
and Slud, Eric V.
and Okrah, Kwame
and Hicks, Stephanie C.
and Hannenhalli, Sridhar
and Corrada Bravo, H{\'e}ctor",
  title="Analysis and correction of compositional bias in sparse sequencing count data",
  journal="BMC Genomics",
  year="2018",
  month="Nov",
  day="06",
  volume="19",
  number="1",
  pages="799",
  issn="1471-2164",
  doi="10.1186/s12864-018-5160-5",
  url="https://doi.org/10.1186/s12864-018-5160-5"
}
@ARTICLE{Mariadassou10,
  author = {Mariadassou, Mahendra and Robin, St\'{e}phane and Vacher, Corinne},
title = {Uncovering latent
structure in valued graphs: A variational approach},
journal = {Annals of Applied Statistics},
volume = {4},
pages = {715-742},
year={2010}
}
@ARTICLE{GovaertNadif03,
author = {Govaert, G\'{e}rard and Nadif, Mohammed},
title = {Clustering with block mixture models},
journal = {Pattern Recognition},
volume = {36},
number = {2},
pages = {463-473},
year={2003}
}

@ARTICLE{GovaertNadif05,
author = {Govaert, G\'{e}rard and Nadif, Mohammed},
title = {An EM algorithm for the block mixture model},
journal = {IEEE Transactions on Pattern Analysis and machine intelligence},
volume = {27},
number = {4},
pages = {643-647},
year={2005}
}

@ARTICLE{GovaertNadif08,
author = {Govaert, G\'{e}rard and Nadif, Mohammed},
title = {Block clustering with Bernoulli mixture models: Comparison of
different approaches},
journal = {Computational Statistics and Data Analysis},
volume = {52},
issue = {6},
pages = {3233--3245},
year={2008}
}

@ARTICLE{GovaertNadif10,
author = {Govaert, G\'{e}rard and Nadif, Mohammed},
title = {Latent block model for contingency table},
journal = {Communications in Statistics - Theory and Methods},
volume = {39},
issue = {3},
pages = {416--425},
year={2010}
}
@ARTICLE{GovaertNadif18,
author = {Govaert, G\'{e}rard and Nadif, Mohammed},
title = {Mutual information, phi-squared and model-based co-clustering
for contingency tables},
journal = {Communications in Statistics - Theory and Methods},
volume = {12},
issue = {3},
pages = {455--488},
year={2018}
}
@BOOK{GovaertNadif13,
author = {Govaert, G\'{e}rard and Nadif, Mohammed},
title = {Co-clustering : models, algorithms and applications},
publisher = {John Wiley & Sons},
year={2013}
}

\item G. Govaert et M. Nadif. Co-clustering : models, algorithms and applications . John Wiley
& Sons, 2013.
\item G. Govaert et M. Nadif. Mutual information, phi-squared and model-based co-clustering
for contingency tables. Advances in Data Analysis and Classification, 12(3) :455--488, 2018.


@ARTICLE{Keribin15,
author = {Keribin, Christine and Brault, Vincent and Celeux, Gilles and Govaert, G\'{e}rard},
title = {Estimation and selection for the latent block model on categorical data},
journal = {Statistics and Computing},
volume = {25},
issue = {6},
pages = {1201--1216},
year={2015}
}


@ARTICLE{WyseFriel12,
author = {Wyse, J. and Friel, F.},
title = {Block clustering with collapsed latent block models},
journal = {Stat Comput},
volume = {22},
pages = {415--428},
year={2012}
}
@TECHREPORT{WyseFrielLatouche14,
author = {Wyse, J. and Friel, F. and Latouche, P.},
title = {Inferring structure in bipartite networks using the latent block model and exact ICL},
institution = {arXiv:1404.2911v2},
year={2014}
}

@ARTICLE{Robinson09,
author  = {Robinson, MD and McCarthy, DJ and Smyth, GK},
title   = {EdgeR : a Bioconductor package for differential expression analysis of digital gene expression data},
journal = {Bioinformatics}, 
year  = {2009}
}

@ARTICLE{RobinsonOshlack10,
author  = {Robinson, MD and Oshlack, A},
title   = {A scaling normalization method for differential expression analysis of RNA-seq data},
journal = {Genome Biology}, 
year  = {2010},
volume = {11},
number = {R25}
}

@TECHREPORT{Liu14,
author  = {Liu, Q and Chen, G and Kosorockn MR and Bair, E},
title   = {Biclustering Via Sparse Clustering},
journal = {arXiv:1407.3010v1}, 
year  = {2014}
}

@ARTICLE{Biernacki00,
author = {Biernacki, Christophe and Celeux, Gilles and Govaert, G\'{e}rard},
title = {Assessing a mixture model for clustering with the integrated completed likelihood},
journal = {IEEE Transactions on Pattern Analysis and Machine Intelligence},
year={2000},
volume = {22},
issue={7},
pages = {719--725}
}

@ARTICLE{Daudin08,
author = {Daudin, Jean-Jacques and Picard, Franck and Robin, St\'{e}phane},
title = {A mixture model for
random graphs},
journal = {Statistics and Computing},
year={2008},
volume = {18},
issue={2},
pages = {151--171}
}

@ARTICLE{Latouche12,
author = {Latouche, Pierre and Birmel\'{e}, Etienne and Ambroise, Christophe},
title = {Bayesian inference and complexity control for stochastic
block models},
journal = {Statistical Modelling},
year={2012},
volume = {12},
issue = {1},
pages = {93--115}
}

@ARTICLE{Jordan99,
author = {Jordan, M. and Ghahramani, Z. and Jaakkola, T. and Saul, K.},
title = {An introduction to variational methods for graphical models},
journal = {Machine learning},
year={1999},
volume = {37},
pages = {183--233}
}

@inbook{Jaakkola00,
	Author = {Jaakkola, T.},
	Chapter = {Tutorial on variational approximation methods},
	Date-Modified = {2016-10-30 20:32:18 +0000},
	Optnote = {{\tt people.csail.mit.edu/tommi/papers/Jaa-var-tutorial.ps}},
	Publisher = {MIT Press},
	Title = {Advanced mean field methods: theory and practice},
	Year = {2000}}
	
@ARTICLE{White09,
author = {White, James Robert and Nagarajan, Niranjan and Pop, Mihai},
title = {Statistical Methods for Detecting Differentially Abundant Features in Clinical Metagenomic Samples},
journal = {PLoS Computational Biology},
year={2009},
volume = {5},
issue={4},
pages = {e1000352}
}
@incollection{NealHinton99,
 author = {Neal, Radford M. and Hinton, Geoffrey E.},
 chapter = {A View of the EM Algorithm That Justifies Incremental, Sparse, and Other Variants},
 title = {Learning in Graphical Models},
 editor = {Jordan, Michael I.},
 year = {1999},
 isbn = {0-262-60032-3},
 pages = {355--368},
 numpages = {14},
 url = {http://dl.acm.org/citation.cfm?id=308574.308679},
 acmid = {308679},
 publisher = {MIT Press},
 address = {Cambridge, MA, USA}
} 


@Article{Dempster77,
	author = {Laird, A. P. and Dempster, R. D. B.},
	title = "Maximum likelihood from incomplete data via the EM algorithm",
	journal = "J. R. Statist. Soc. B.",
	year = "1977",
	volume = "39",
	number = "",
	month = "",
	pages = "1--38",
	note = "",
	annote = ""
}

@Book{Whittaker09,
	title = "Graphical Models in Applied Multivariate Statistics",
	author = "Joe Whittaker",
	publisher = "Wiley Publishing ",
	year = "2009"
}


@Article{WaJ08,
  author =  {Wainwright, M. J. and Jordan, M. I.},
  title =  {Graphical Models, Exponential Families, and Variational Inference},
  journal =  {Found. Trends Mach. Learn.},
  year =  {2008},
  volume =  {1},
  number =  {1--2},
  pages =  {1--305},
  note =  {http:/dx.doi.org/10.1561/2200000001},
}

@article{SaJ96,
  title={Exploiting tractable substructures in intractable networks},
  author={Saul, Lawrence K and Jordan, Michael I},
  journal={Advances in neural information processing systems},
  pages={486--492},
  year={1996},
  publisher={Citeseer}
}

@article{GhJ97,
  title={Factorial hidden Markov models},
  author={Ghahramani, Zoubin and Jordan, Michael I},
  journal={Machine learning},
  volume={29},
  number={2-3},
  pages={245--273},
  year={1997},
  publisher={Springer}
}

@Article{DLR77,
  author =  {A. P. Dempster and N. M. Laird and D. B. Rubin},
  title =  {Maximum Likelihood from Incomplete Data via the {EM} algorithm},
  journal =  JRSSB,
  year =  {1977},
  volume =  {39},
  pages =  {1--38}
}
'@Article{Arumugam11,
  author =  {Arumugam, M. and Raes, J.  and Pelletier, E.  and Le Paslier, D.  and Yamada, T.  and Mende, D. R.  and Fernandes, G. R.  and Tap, J.  and Bruls, T.  and Batto, J.-M.  and Bertalan, M. 
    and Borruel, N. and Casellas, F. and Fernandez, L. and Gautier, L. and Hansen, T. and	Hattori, M. and	Hayashi, T. and	Kleerebezem, M. and Kurokawa, K. and Leclerc, M. and Levenez, F. and Manichanh,	C. and  Nielsen, H. B. and Nielsen, T. and Pons, N. and Poulain, J. and Qin, J.
    and Sicheritz-Ponten, T. and	Tims, S. and Torrents, D. and Ugarte, E. and Zoetendal, E., G. and Wang, J. and Guarner, F. and Pedersen, O. and de Vos, W. M. and Brunak, S. and
    Dor√©, J. and MetaHIT Consortium (additional members), and Weissenbach, J. and	 Ehrlich, S. D. and Bork, P.},
  title =  {Enterotypes of the human gut microbiome},
  journal =  Nature,
  year =  {2011},
  volume =  {473},
  pages =  {174--180}
}

@Article{Jakuschkin16,
  author =  {Jakuschkin, B. and Fievet, V.  and Schwaller, L.  and Robin, C.  and Vacher, C.},
  title =  {Deciphering the pathobiome: intra- and interkingdom interactions involving the
    pathogen Erysiphe alphitoides},
  journal =  {Microbial Ecology},
  volume={72},
  number={4},
  pages={870-880},
  year =  {2016}
}

@ARTICLE{Madeira04,
  author={S. C. Madeira and A. L. Oliveira},
  journal={IEEE/ACM Transactions on Computational Biology and Bioinformatics},
  title={Biclustering algorithms for biological data analysis: a survey},
  year={2004},
  volume={1},
  number={1},
  pages={24-45},
  doi={10.1109/TCBB.2004.2},
  ISSN={1545-5963},
  month={Jan}
}

@ARTICLE{Fernandez15,
  author={Fernandez, M. and Riveros, J.D. and Campos, M. and Mathee, K. and Narasimhan, G.},
  journal={BMC Genomics},
  title={Microbial "social networks"},
  year={2015}
}

@ARTICLE{Lindner15,
  author={Lindner, M. S. and Renard, B. Y.},
  journal={Plos One},
  title={Metagenomic Profiling of Known and Unknown Microbes with MicrobeGPS},
  volume={10},
  number={2},
  doi={10.1371/journal.pone.0117711},
  year={2015}
}


@ARTICLE{AndersHuber10,
  author={Anders, S. and Huber, W.},
  journal={Genome Biology},
  title={Differential expression analysis for sequence count data},
  year={2010},
  volume={11},
  number={10},
  pages = {R106},
  doi={10.1186/gb-2010-11-10-r106}
}
@ARTICLE{Brault15,
  author={Brault, V. and Mariadassou, M.},
  journal={Journal de la Soci\'{e}t\'{e} Francaise de la Statistique},
title={Co-clustering through Latent Block Model: a Review},
year={2015},
volume={156},
number={3},
pages = {120-139}
}
@article{VuAitkin14,
 author = {Vu, Duy and Aitkin, Murray},
 title = {Variational Algorithms for Biclustering Models},
 journal = {Comput. Stat. Data Anal.},
 issue_date = {September 2015},
 volume = {89},
 number = {C},
 month = sep,
 year = {2015},
 issn = {0167-9473},
 pages = {12--24},
 numpages = {13},
 url = {http://dx.doi.org/10.1016/j.csda.2015.02.015},
 doi = {10.1016/j.csda.2015.02.015},
 acmid = {2797585},
 publisher = {Elsevier Science Publishers B. V.},
 address = {Amsterdam, The Netherlands, The Netherlands},
 keywords = {Biclustering, EM algorithms, Generalized EM algorithms, MM algorithms, Stochastic block models, Variational EM algorithms},
} 
@ARTICLE{PledgerArnold14,
author={Pledger, S. and Arnold, R.},
journal={Comput. Stat. Data Anal.},
title={Multivariate methods using mixtures: Correspondence analysis, scaling and pattern-detection},
year={2014},
volume={71},
pages={241-261}
}
@ARTICLE{Melnykov16,
author={Melnykov, V.},
journal={Comput. Stat. Data Anal.},
title={Model-based biclustering of clickstream data},
year={2016},
volume={93},
pages={31-45}
}

@ARTICLE{Oghabian14,
author={Oghabian, A. and Kilpinen, S. and Hautaniemi, S. and Czeizler, E.},
journal={Plos One},
title={Biclustering Methods: Biological Relevance and Application in Gene Expression Analysis},
year={2014},
volume = {9},
issue = {3},
pahes = {e90801}

}
@ARTICLE{BouveyronBrunet14,
author={Bouveyron, C. and Brunet, C.},
journal={Comput. Stat. Data Anal.},
title={Model-based clustering of high-dimensional data: A review},
year={2014},
volume={71},
pages={52-78}
}
@ARTICLE{deCastro07,
author={de Castro, P.A.D. and de Fran√ßa, F.O. and Ferreira, H.M. and Von Zuben, F.J.},
journal={Artificial Immune Systems},
title={Applying biclustering to text mining: an immune-inspired approach},
year={2007},
pages={83-94}
}

@ARTICLE{Warton15,
author={Warton, Di and Foster, S.D. and Death, G. and Stoklosa, J. and Dunstan, P.K.},
journal={Journal Plant Ecology},
title={Model-Based Thinking for Community Ecology},
year={2015},
volume={216},
issue={5},
pages={669-682}
}
@article{Hofmann04,
 author = {Hofmann, Thomas},
 title = {Latent Semantic Models for Collaborative Filtering},
 journal = {ACM Trans. Inf. Syst.},
 issue_date = {January 2004},
 volume = {22},
 number = {1},
 month = {jan},
 year = {2004},
 issn = {1046-8188},
 pages = {89--115},
 numpages = {27},
 url = {http://doi.acm.org/10.1145/963770.963774},
 doi = {10.1145/963770.963774},
 acmid = {963774},
 publisher = {ACM},
 address = {New York, NY, USA},
} 

 @article{McMurdie13,
    author = {McMurdie, Paul and Holmes, Susan},
    journal = {PLoS ONE},
    pages = {e61217},
    title = {phyloseq: An R package for reproducible interactive analysis and graphics of microbiome census data},
    volume = {8},
    number = {4},
    year = {2013},
    url = {http://dx.plos.org/10.1371/journal.pone.0061217},
  }
  
  
@article{Caporaso11,
  author = {Caporaso, JG and Lauber, CL and Walters, WA and Berg-Lyons, D and Lozupone, CA and Turnbaugh, PJ and Fierer, N and Knight, R},
    journal = {Proceedings of the National Academy of Sciences},
    title = {Global patterns of 16S rRNA diversity at a depth of millions of sequences per sample},
    doi = {10.1073/pnas.1000080107},
    year = {2011},
    volume = {108},
    pages = {4516--4522},
  } 
 
@article{Spellerberg03,
author = {Spellerberg, Ian F. and Fedor, Peter J.},
title = {A tribute to Claude Shannon (1916-2001) and a plea for more rigorous use of species richness, species diversity and the 'Shannon-Wiener' Index},
journal = {Global Ecology and Biogeography},
volume = {12},
number = {3},
pages = {177-179},
doi = {10.1046/j.1466-822X.2003.00015.x},
year = {2003}
}
 
  
 @article{Vayssier-Taussat14,
  author = {Vayssier-Taussat, M and Albina, E and Citti, C and Cosson, JF and Jacques, MA and Lebrun, MH and Le Loir, Y and Ogliastro, M and Petit, MA and Roumagnac, P and Candresse, T},
    journal = {Frontiers in Cellular and Infection Microbiology},
    title = {Shifting the paradigm from pathogens to pathobiome: new concepts in the light of meta-omics},
     volume = {4},
    number = {29},
    doi = {10.1073/pnas.1000080107},
    year = {2014},
  }  

  @article{Schwarz78,
author = {Schwarz, Gideon},
doi = {10.1214/aos/1176344136},
fjournal = {The Annals of Statistics},
journal = {Ann. Statist.},
month = {03},
number = {2},
pages = {461--464},
publisher = {The Institute of Mathematical Statistics},
title = {Estimating the Dimension of a Model},
url = {http://dx.doi.org/10.1214/aos/1176344136},
volume = {6},
year = {1978}
}

@BOOK{CameronTrivedi13,
AUTHOR = {Cameron, AC and Trivedi, PK},
TITLE = {Regression Analysis of Count Data, 2nd edition},
YEAR = {2013},
PUBLISHER = {Cambridge University Press}
}

 @article{Zhou14,
  author = {Zhou, X and Lindsay, H and Robinson, MD},
    journal = {Nucleic Acids Research},
    title = {Robustly detecting differential expression in RNA sequencing data using observation weights},
     volume = {42},
    number = {11},
    pages = {e91},
    year = {2014}
  }  

@article{Ren16,
   author = {{Ren}, B. and {Bacallado}, S. and {Favaro}, S. and {Holmes}, S. and 
	{Trippa}, L.},
    title = "{Bayesian Nonparametric Ordination for the Analysis of Microbial Communities}",
  journal = {ArXiv e-prints},
archivePrefix = "arXiv",
   eprint = {1601.05156},
 primaryClass = "stat.ME",
 keywords = {Statistics - Methodology, Statistics - Applications},
     year = 2016,
    month = jan,
   adsurl = {http://adsabs.harvard.edu/abs/2016arXiv160105156R}
   }  
   
@article{RBF17,
  title={Bayesian nonparametric ordination for the analysis of microbial communities},
  author={Ren, Boyu and Bacallado, Sergio and Favaro, Stefano and Holmes, Susan and Trippa, Lorenzo},
  journal={Journal of the American Statistical Association},
  number={to appear},
  year={2017},
  publisher={Taylor \& Francis}
}

   
 @article{Grice11,
  author = {Grice, EA and Segre, JA },
    journal = {Nature Reviews Microbiology},
    title = {The skin microbiome},
     volume = {9},
    number = {4},
    pages = {244--253},
    year = {2011}
  }   
@article{McMurdie14,
    author = {McMurdie, Paul and Holmes, Susan},
    journal = {PLoS Computational Biology},
    pages = {e1003531},
    title = {Waste Not, Want Not: Why Rarefying Microbiome Data Is Inadmissible},
    volume = {10},
    number = {4},
    year = {2014},
    doi = {10.1371/journal.pcbi.1003531}
  }
  
 @Article{dillies12,
  author = 	 {Dillies, Marie-Agn\`{e}s and Rau, Andr\'{e}a and Aubert, Julie and Hennequet-Antier, Christelle and  Jeanmougin, Marine and Servant, Nicolas and Keime, C\'{e}line and Marot, Guillemette and Castel, David and Estelle, Jordi and Guernec, Gr\'{e}gory and Jagla, Bernd and Jouneau, Luc and Lalo\"{e}, Denis and Le Gall, Caroline and Schaeffer, Brigitte and Le Crom, St\'{e}phane and Guedj, Micka\"{e}l and Jaffrezic, Florence},
  title = 	 {A comprehensive evaluation of normalization methods for Illumina high-throughput RNA sequencing data analysis},
  journal = 	 {Briefings in Bioinformatics},
  year = 	 {2013},
   volume = {14},
    number = {6},
     pages = {671--683}
  }
 
   @article{Jonsson16,
    author = {Jonsson, Viktor and Osterlund, Tobias and Nerman, Olle and Kristiansson, Erik},
    journal = {BMC Genomics},
    title = {Statistical evaluation of methods for identification of differentially abundant genes in comparative metagenomics},
    volume = {17},
    number={78},
    year = {2016},
    doi = {10.1186/s12864-016-2386-y},
  }
  
  @article{Ailem17,
    author = {Ailem, M\'{e}lissa and Role, Fran√ßois and Nadif, Mohammed},
    journal = {Pattern Recognition},
    title = {Model-based co-clustering for the effective handling of sparse data},
    volume = {72},
    year = {2017},
    pages = {108--122},
    doi = {10.1016/j.patcog.2017.06.005},
  }
  
 @inproceedings{Dhillon01,
 author = {Dhillon, Inderjit S.},
 title = {Co-clustering Documents and Words Using Bipartite Spectral Graph Partitioning},
 booktitle = {Proceedings of the Seventh ACM SIGKDD International Conference on Knowledge Discovery and Data Mining},
 series = {KDD '01},
year = {2001},
isbn = {1-58113-391-X},
location = {San Francisco, California},
pages = {269--274},
numpages = {6},
url = {http://doi.acm.org/10.1145/502512.502550},
doi = {10.1145/502512.502550},
acmid = {502550},
publisher = {ACM},
address = {New York, NY, USA},
} 

% AJOUTS SR

@article{FJV16,
  title={Population-level analysis of gut microbiome variation},
  author={Falony, Gwen and Joossens, Marie and Vieira-Silva, Sara and Wang, Jun and Darzi, Youssef and Faust, Karoline and Kurilshikov, Alexander and Bonder, Marc Jan and Valles-Colomer, Mireia and Vandeputte, Doris and others},
  journal={Science},
  volume={352},
  number={6285},
  pages={560--564},
  year={2016},
  publisher={American Association for the Advancement of Science}
}

@article{XLY13,
  title={Nonparametric bayesian bi-clustering for next generation sequencing count data},
  author={Xu, Yanxun and Lee, Juhee and Yuan, Yuan and Mitra, Riten and Liang, Shoudan and M{\"u}ller, Peter and Ji, Yuan},
  journal={Bayesian analysis (Online)},
  volume={8},
  number={4},
  pages={759},
  year={2013},
  publisher={NIH Public Access}
}

@article{LMS16,
  title={Bayesian inference for intratumour heterogeneity in mutations and copy number variation},
  author={Lee, Juhee and M{\"u}ller, Peter and Sengupta, Subhajit and Gulukota, Kamalakar and Ji, Yuan},
  journal={Journal of the Royal Statistical Society: Series C (Applied Statistics)},
  volume={65},
  number={4},
  pages={547--563},
  year={2016},
  publisher={Wiley Online Library}
}

@inproceedings{ChC00,
  title={Biclustering of expression data.},
  author={Cheng, Yizong and Church, George M},
  booktitle={ISMB},
  volume={8},
  pages={93--103},
  year={2000}
}
% AJOUTS JA APRES REVIEW

@book{agresti2015,
  title={Foundations of Linear and Generalized Linear Models},
  author={Agresti, A.},
  isbn={9781118730034},
  lccn={2014036543},
  series={Wiley Series in Probability and Statistics},
  url={https://books.google.fr/books?id=jlIqBgAAQBAJ},
  year={2015},
  publisher={Wiley}
}

@book{NeymanPearson1967,
  title={Joint statistical papers},
  author={Neyman, J. and Pearson, E.S.},
  year={1967},
  publisher={Cambridge University Press}
}

@article{Berendsen12,
title = {The rhizosphere microbiome and plant health},
journal = {Trends in Plant Science},
volume = {17},
number = {8},
pages = {478 - 486},
year = {2012},
issn = {1360-1385},
doi = {https://doi.org/10.1016/j.tplants.2012.04.001},
url = {http://www.sciencedirect.com/science/article/pii/S1360138512000799},
author = {Roeland L. Berendsen and Corn\'{e} M.J. Pieterse and Peter A.H.M. Bakker}
}

@article{Mendes13,
author = {Mendes, Rodrigo and Garbeva, Paolina and Raaijmakers, Jos M.},
title = {The rhizosphere microbiome: significance of plant beneficial, plant pathogenic, and human pathogenic microorganisms},
journal = {FEMS Microbiology Reviews},
volume = {37},
number = {5},
pages = {634-663},
year = {2013},
doi = {10.1111/1574-6976.12028},
URL = {http://dx.doi.org/10.1111/1574-6976.12028},
eprint = {/oup/backfile/content_public/journal/femsre/37/5/10.1111_1574-6976.12028/1/37-5-634.pdf}
}

@article{Vacher16,
  title={The phyllosphere:  microbial jungle  at  the  plant-climate  interface.},
  author={Vacher,  C. and  Hampe,  A. and  Port\'{e}, A.J. and  Sauer, U. and  Compant, S. and  Morris, C.E.},
  journal={Annual Review of Ecology, Evolution, and Systematics},
  number={47},
  pages={1-24},
  doi = {10.1146/annurev-ecolsys-121415-032238},
  year={2016}
}
@ARTICLE{Bakker13,
  
AUTHOR={Bakker, Peter and Berendsen, Roeland and Doornbos, Rogier and Wintermans, Paul and Pieterse, Corn\'{e}},   	 
TITLE={The rhizosphere revisited: root microbiomics},      
	JOURNAL={Frontiers in Plant Science},      
	VOLUME={4},      
PAGES={165},     
	YEAR={2013},      
	  URL={https://www.frontiersin.org/article/10.3389/fpls.2013.00165},     DOI={10.3389/fpls.2013.00165},      
ISSN={1664-462X}  
  }
  
@article{VandeGuchte18,
  title={Humans as holobionts: implications for prevention and therapy.},
  author={Maarten van de Guchte, Maarten and Blotti\`{e}re, Herv\'{e}, M and Dor\'{e}, Jo\"{e}l},
  journal={Microbiome},
  VOLUME={6},
  number={81},
  doi = {10.1186/s40168-018-0466-8},
  year={2018}
}  

@article{Sigut17,
  title={Performance of DNA metabarcoding, standard barcoding, and morphological approach in the identification of host‚Äìparasitoid interactions.},
  author={Sigut, M. and Kostovcik, M. and Sigutova, H. and Hulcr, J. and Drozd, P. and Hrcek, J.},
  journal={PLoS ONE},
  VOLUME={12},
  number={12},
  doi = {10.1371/journal.pone.0187803},
  year={2017}
} 
@article{Segata12,
    author = {Segata, N and Waldron, L and Ballarini, A and Narasimhan, V and Jousson, O and Huttenhower, C.},
    journal = {Nature Methods},
    title = {Metagenomic microbial community profiling using unique clade-specific marker genes},
    volume = {9},
    issue = {8},
    year = {2012},
  } 
@article{Nayfach16,
    author = {Nayfach, Stephen and Pollard, Katherine S.},
    journal = {Cell},
    title = {Toward Accurate and Quantitative Comparative Metagenomics},
    volume = {166},
    issue = {5},
    pages = {1103--1116},
    year = {2016},
    doi = {10.1016/j.cell.2016.08.007},
  }  
  @article{Ji13,
    author = {Ji, Y and Ashton, L and Pedley, SM and Edwards, DP and Tang, Y and Nakamura, A and Kitching, R and Dolman, PM and Woodcock, P and Edwards, FA and Larsen, TH and Hsu, WW and Benedick, S and Hamer, KC and Wilcove, DS and Bruce, C and Wang, X and Levi, T and Lott, M and Emerson, BC and Yu, DW.},
    journal = {Ecology Letters},
    title = {Reliable, verifiable and efficient monitoring of biodiversity via metabarcoding},
    volume = {16},
    issue = {10},
    pages = {1245--1257},
    year = {2013},
    doi = {doi: 10.1111/ele.12162},
  } 

@ARTICLE{Mallick17,
author = {Mallick, Himel and Ma, Siyuan and Franzosa, Eric A. and Vatanen, Tommi and Morgan, Xochitl C. and Huttenhower, Curtis},
title = {Experimental design and quantitative analysis of microbial community multiomics},
journal = {Genome Biology},
volume = {18},
year={2017}
}
@ARTICLE{DeFilippis17,
author = {De Filippis, Francesca and Parente, Eugenio and Ercolini, Danilo},
title = {Metagenomics insights into food fermentations},
journal = {MICROBIAL BIOTECHNOLOGY},
volume = {10},
 issue = {1},
    pages = {91--102},
year={2017}
}
@ARTICLE{Crofts17,
author = {Crofts, Terence S. and Gasparrini, Andrew J. and Dantas, Gautam},
title = {Next-generation approaches to understand and combat the antibiotic resistome},
journal = {Nature Reviews Microbiology},
volume = {15},
    pages = {422--434},
    doi = {10.1038/nrmicro.2017.28},
year={2017}
}
@ARTICLE{Anantharaman16,
author = {Anantharaman, Karthik and Brown, Christopher T. and Hug, Laura A. and Sharon, Itai and Castelle, Cindy J. and Probst, Alexander J. and Thomas, Brian C. and Singh, Andrea and Wilkins, Michael J. and Karaoz, Ulas and Brodie, Eoin L. and Williams, Kenneth H. and Hubbard, Susan S. and Banfield, Jillian F.},
title = {Thousands of microbial genomes shed light on interconnected biogeochemical processes in an aquifer system},
journal = {NATURE COMMUNICATIONS},
volume = {7},
    doi = {10.1038/ncomms13219},
year={2016}
}
@ARTICLE{Nelson18,
author = {Nelson, Eric B.},
title = {The seed microbiome: Origins, interactions, and impacts},
journal = {PLANT AND SOIL},
volume = {422},
issue = {1-2},
    pages = {7-34},
    doi = {10.1007/s11104-017-3289-7},
year={2018}
}

@ARTICLE{Thaiss16,
author = {Thaiss, Christoph A. and Zmora, Niv and Levy, Maayan and Elinav, Eran},
title = {The microbiome and innate immunity},
journal = {Nature},
volume = {535},
issue = {1-2},
    pages = {65--74},
    doi = {10.1038/nature18847},
year={2016}
}

@ARTICLE{Hungate60,
author = {Hungate, Robert E},
title = {MICROBIAL ECOLOGY OF THE RUMEN},
journal = {Bacteriological Reviews},
volume = {24},
number = {4},
    pages = {353--364},
year={1960}
}

@Manual{aricode,
    title = {aricode: Efficient Computations of Standard Clustering Comparison
Measures},
    author = {Julien Chiquet and Guillem Rigaill},
    year = {2019},
    note = {R package version 0.1.2},
    url = {https://CRAN.R-project.org/package=aricode},
  }

@ARTICLE{Casey19,
author = {Casey, Jordan M. and Meyer,
Christopher P.and Morat, Fabien and Brandl, Simon J. and Planes, Serge and
Parravicini, Valeriano},
title = {Reconstructing hyperdiverse food webs: Gut content metabarcoding as a tool to disentangle trophic interactions on coral reefs},
journal = {Methods in Ecology and Evolution},
volume = {10},
issue = {8},
    pages = {1157--1170},
year={2019}
}
@ARTICLE{Marasco18,
author = {Marasco, Ramona and Rolli, Eleonora and Fusi, Marco and Michoud, Gregoire and Daffonchio, Daniele},
title = {Grapevine rootstocks shape underground bacterial microbiome and networking but not potential functionality},
journal = {Microbiome},
volume = {6},
number = {3},
year={2018}
}

@ARTICLE{Al-Hussaini81,
author={Al-Hussaini, E. and Ahmad, K.},
journal={IEEE Transactions on Information Theory},
title={On the identifiability of finite mixtures of distributions},
year={1981},
volume={27},
number={5},
pages={664-668}
}

@ARTICLE{Sapatinas95,
author={Sapatinas, T.},
journal={Annals of the Institute of Statistical Mathematics},
title={Identifiability of Mixtures of Power Series Distributions and Related Characterizations.},
year={1995},
number={47},
pages={447‚Äì459}
}

@Manual{bibtex,
    title = {bibtex: Bibtex Parser},
    author = {Romain Francois},
    year = {2020},
    note = {R package version 0.4.2.3},
    url = {https://CRAN.R-project.org/package=bibtex},
  }
  
@Manual{citr,
    title = {citr: 'RStudio' Add-in to Insert Markdown Citations},
    author = {Frederik Aust},
    year = {2019},
    note = {R package version 0.3.2},
    url = {https://github.com/crsh/citr},
  }